<?xml version="1.0" encoding="UTF-8"?><collection xmlns="http://www.loc.gov/MARC21/slim"><record><leader>00411nam--2200133-i-4500</leader><controlfield tag="001">000016986</controlfield><controlfield tag="002">20161230</controlfield><controlfield tag="005">20161230201032</controlfield><controlfield tag="008">060222s1000------------r-----000-0-eng-d</controlfield><datafield ind1=" " ind2=" " tag="080"><subfield code="a">530.145.6(061.3)</subfield></datafield><datafield ind1=" " ind2=" " tag="245"><subfield code="a">Adriatico research conference and miniworkshop quantum chaos 4 june - 6 july 1990, triest italy</subfield></datafield><datafield ind1=" " ind2=" " tag="260"><subfield code="a">Singapore, World Scientific, 1991 Xi + 465 P</subfield></datafield><datafield ind1=" " ind2=" " tag="700"><subfield code="a">H.A.Cerdeira /S.A</subfield></datafield><datafield ind1=" " ind2=" " tag="852"><subfield code="a">79526</subfield></datafield></record></collection>